@BOOK{info_oly3,
	author = "В. Д. Кадамаев, М. З. Ильчиков, Т. А. Борисовская",
	title = "Экономическая теория. Краткий курс: учебник",
	address = "М.",
	publisher = "КНОРУС",
	year = 2023,
	numpages = 382,
	language = "russian"
}


@misc{info_oly,
	title="Модели олигополии и их проявление в современной экономике России [Электронный ресурс].",
	howpublished="Режим доступа: \url{https://elibrary.ru/download/elibrary_43986886_67315347.pdf} (дата обращения: 16.12.2024)."
}


@misc{info_oly2,
	title="Стратегии ценообразования на олигополистических рынках в цифровую эпоху [Электронный ресурс].",
	howpublished="Режим доступа: \url{https://innova-science.ru/wp-content/uploads/2024/07} (дата обращения: 16.12.2024)."
}

@misc{cpu_time_func,
	title="clock\_getres [Электронный ресурс].",
	howpublished="Режим доступа: \url{https://pubs.opengroup.org/onlinepubs/9699919799/functions/clock_getres.html} (дата обращения: 28.09.2022)."
}

@misc{info_os,
	title="Ubuntu 22.04.3 LTS (Jammy Jellyfish) [Электронный ресурс].",
	howpublished="Режим доступа: \url{https://releases.ubuntu.com/22.04/} (дата обращения: 28.09.2022)."
}

