@BOOK{info_book_bst,
	author = "О. В. Сенюкова",
	title = "Сбалансированные деревья поиска",
	address = "М.",
	publisher = "Издательский отдел факультета ВМиК МГУ имени М.В. Ломоносова",
	year = 2014,
	numpages = 68,
	language = "russian"
}

@misc{info_Enigma1,
	title="Алгоритм переносной шифровальной машины Энигма [Электронный ресурс].",
	howpublished="Режим доступа: \url{https://cyberleninka.ru/article/n/algoritm-perenosnoy-shifrovalnoy-mashiny-enigma/viewer} (дата обращения: 04.10.2024)."
}

@misc{info_Enigma2,
	title="Программная реализация шифровальной машины «Энигма» на языке Си [Электронный ресурс].",
	howpublished="Режим доступа: \url{https://habr.com/ru/articles/721790/} (дата обращения: 04.10.2024)."
}


@misc{pl,
	title="Справочник по языку C++ [Электронный ресурс].",
	howpublished="Режим доступа: \url{https://learn.microsoft.com/ru-ru/cpp/cpp/cpp-language-reference?view=msvc-170} (дата обращения: 28.09.2022)."
}

@misc{cpu_time_func,
	title="clock\_getres [Электронный ресурс].",
	howpublished="Режим доступа: \url{https://pubs.opengroup.org/onlinepubs/9699919799/functions/clock_getres.html} (дата обращения: 28.09.2022)."
}

@misc{info_os,
	title="Ubuntu 22.04.3 LTS (Jammy Jellyfish) [Электронный ресурс].",
	howpublished="Режим доступа: \url{https://releases.ubuntu.com/22.04/} (дата обращения: 28.09.2022)."
}

