@misc{affect-rob-in-med,
	title="Conversational Affective Social Robots for Ageing and Dementia Support [Электронный ресурс].",
	howpublished="Режим доступа: \url{https://www.researchgate.net/publication/354874798_Conversational_Affective_Social_Robots_for_Ageing_and_Dementia_Support} (дата обращения: 30.09.2025)."
}

@misc{affect-rob-in-med-2,
	title="Review of Robot Skin: A Potential Enabler for Safe Collaboration, Immersive Teleoperation, and Affective Interaction of Future Collaborative Robots [Электронный ресурс].",
	howpublished="Режим доступа: \url{https://ieeexplore.ieee.org/abstract/document/9486901} (дата обращения: 01.10.2025)."
}

@misc{affect-rob-in-edu,
	title="Design and Development of a Social, Educational and Affective Robot [Электронный ресурс].",
	howpublished="Режим доступа: \url{https://www.researchgate.net/publication/341679112_Design_and_Development_of_a_Social_Educational_and_Affective_Robot} (дата обращения: 30.09.2025)."
}

@misc{affect-rob-in-serv,
	title="Investigating the use experience of restaurant service robots: the cognitive–affective–behavioral framework [Электронный ресурс].",
	howpublished="Режим доступа: \url{https://www.sciencedirect.com/science/article/pii/S0278431923000567?casa_token=Y2PgonIgGjEAAAAA:yIguBAOOgS6COKBdTY8fk-DKSFK2yR-Xb0go3YOvcPXe7vyL4dK_kEW9OqyNyLtcNLAUdIOMKWEL} (дата обращения: 30.09.2025)."
}

@misc{affect-rob-in-other-fields,
	title="Investigating the use experience of restaurant service robots: the cognitive–affective–behavioral framework [Электронный ресурс].",
	howpublished="Режим доступа: \url{https://www.sciencedirect.com/science/article/pii/S0278431923000567?casa_token=Y2PgonIgGjEAAAAA:yIguBAOOgS6COKBdTY8fk-DKSFK2yR-Xb0go3YOvcPXe7vyL4dK_kEW9OqyNyLtcNLAUdIOMKWEL} (дата обращения: 30.09.2025)."
}

@misc{affect-rob-goal,
	title="Investigating the use experience of restaurant service robots: the cognitive–affective–behavioral framework [Электронный ресурс].",
	howpublished="Режим доступа: \url{https://www.sciencedirect.com/science/article/pii/S0278431923000567?casa_token=Y2PgonIgGjEAAAAA:yIguBAOOgS6COKBdTY8fk-DKSFK2yR-Xb0go3YOvcPXe7vyL4dK_kEW9OqyNyLtcNLAUdIOMKWEL} (дата обращения: 30.09.2025)."
}

@misc{def-of-affect-rob,
	title="Affective Robotics For Wellbeing: A Scoping Review [Электронный ресурс].",
	howpublished="Режим доступа: \url{https://ieeexplore.ieee.org/abstract/document/10085995} (дата обращения: 22.09.2025)."
}
